<record xmlns="http://www.loc.gov/MARC21/slim" xmlns:xsi="http://www.w3.org/2001/XMLSchema-instance" xsi:schemaLocation="http://www.loc.gov/MARC21/slim http://www.loc.gov/standards/marcxml/schema/MARC21slim.xsd" ><leader>04134cas a2200841   4500</leader><controlfield tag="005">20151202083806.0</controlfield><controlfield tag="008">750812c19299999nyuwn p       0   a0eng c</controlfield><controlfield tag="001">999482245102121</controlfield><datafield tag="010" ind1=" " ind2=" "><subfield code="a">   31006225 </subfield><subfield code="z">sn 86022631 </subfield></datafield><datafield tag="012" ind1=" " ind2=" "><subfield code="a">3</subfield><subfield code="b">3</subfield><subfield code="e">s</subfield><subfield code="j">1</subfield><subfield code="k">1</subfield><subfield code="l">1</subfield><subfield code="m">X</subfield></datafield><datafield tag="016" ind1="7" ind2=" "><subfield code="a">B59000000</subfield><subfield code="2">DNLM</subfield></datafield><datafield tag="019" ind1=" " ind2=" "><subfield code="a">2445601</subfield><subfield code="a">477408013</subfield><subfield code="a">609634643</subfield><subfield code="a">609852353</subfield><subfield code="a">663585668</subfield><subfield code="a">701852266</subfield><subfield code="a">731486266</subfield><subfield code="a">756891347</subfield><subfield code="a">760153137</subfield><subfield code="a">769041787</subfield><subfield code="a">776047175</subfield><subfield code="a">779904016</subfield><subfield code="a">815736416</subfield><subfield code="a">829393139</subfield></datafield><datafield tag="022" ind1="0" ind2=" "><subfield code="a">0007-7135</subfield><subfield code="l">0007-7135</subfield><subfield code="2">1</subfield></datafield><datafield tag="030" ind1=" " ind2=" "><subfield code="a">BUWEA3</subfield></datafield><datafield tag="032" ind1=" " ind2=" "><subfield code="a">080900</subfield><subfield code="b">USPS</subfield></datafield><datafield tag="035" ind1=" " ind2=" "><subfield code="a">(OCoLC)ocm01537921</subfield></datafield><datafield tag="035" ind1=" " ind2=" "><subfield code="9">AAR7719UW</subfield></datafield><datafield tag="035" ind1=" " ind2=" "><subfield code="a">151855</subfield></datafield><datafield tag="035" ind1=" " ind2=" "><subfield code="a">(WU)151855-uwmadisondb</subfield></datafield><datafield tag="035" ind1=" " ind2=" "><subfield code="z">(OCoLC)2445601</subfield><subfield code="z">(OCoLC)477408013</subfield></datafield><datafield tag="035" ind1=" " ind2=" "><subfield code="a">(OCoLC)1537921</subfield><subfield code="z">(OCoLC)2445601</subfield><subfield code="z">(OCoLC)477408013</subfield><subfield code="z">(OCoLC)609634643</subfield><subfield code="z">(OCoLC)609852353</subfield><subfield code="z">(OCoLC)663585668</subfield><subfield code="z">(OCoLC)701852266</subfield><subfield code="z">(OCoLC)731486266</subfield><subfield code="z">(OCoLC)756891347</subfield><subfield code="z">(OCoLC)760153137</subfield><subfield code="z">(OCoLC)769041787</subfield><subfield code="z">(OCoLC)776047175</subfield><subfield code="z">(OCoLC)779904016</subfield><subfield code="z">(OCoLC)815736416</subfield><subfield code="z">(OCoLC)829393139</subfield></datafield><datafield tag="035" ind1=" " ind2=" "><subfield code="a">(OCoLC)ocm01537921 </subfield></datafield><datafield tag="040" ind1=" " ind2=" "><subfield code="a">MUL</subfield><subfield code="b">eng</subfield><subfield code="c">MUL</subfield><subfield code="d">OCL</subfield><subfield code="d">UCU</subfield><subfield code="d">YUS</subfield><subfield code="d">NSD</subfield><subfield code="d">DLC</subfield><subfield code="d">NSD</subfield><subfield code="d">OCL</subfield><subfield code="d">NSD</subfield><subfield code="d">DLC</subfield><subfield code="d">SER</subfield><subfield code="d">RCS</subfield><subfield code="d">NSD</subfield><subfield code="d">AIP</subfield><subfield code="d">NST</subfield><subfield code="d">AIP</subfield><subfield code="d">OCL</subfield><subfield code="d">AIP</subfield><subfield code="d">DLC</subfield><subfield code="d">AIP</subfield><subfield code="d">IUL</subfield><subfield code="d">AIP</subfield><subfield code="d">HUL</subfield><subfield code="d">NSD</subfield><subfield code="d">NST</subfield><subfield code="d">NSD</subfield><subfield code="d">OCL</subfield><subfield code="d">AGL</subfield><subfield code="d">NST</subfield><subfield code="d">NSD</subfield><subfield code="d">GUA</subfield><subfield code="d">WAU</subfield><subfield code="d">CLU</subfield><subfield code="d">OCLCQ</subfield><subfield code="d">CDS</subfield><subfield code="d">DLC</subfield><subfield code="d">GK8</subfield><subfield code="d">JED</subfield><subfield code="d">NLGGC</subfield><subfield code="d">LVB</subfield><subfield code="d">NYDWH</subfield><subfield code="d">WAU</subfield><subfield code="d">OCLCQ</subfield><subfield code="d">IUL</subfield><subfield code="d">DLC</subfield><subfield code="d">OCLCQ</subfield><subfield code="d">IUL</subfield><subfield code="d">DLC</subfield><subfield code="d">OCLCQ</subfield><subfield code="d">CWS</subfield><subfield code="d">CGN</subfield><subfield code="d">OCLCQ</subfield><subfield code="d">OCLCF</subfield><subfield code="d">SBVCA</subfield><subfield code="d">OCLCQ</subfield><subfield code="d">DLC</subfield><subfield code="d">COD</subfield><subfield code="d">DLC</subfield><subfield code="d">OVY</subfield></datafield><datafield tag="042" ind1=" " ind2=" "><subfield code="a">nsdp</subfield><subfield code="a">pcc</subfield></datafield><datafield tag="049" ind1=" " ind2=" "><subfield code="a">GZUL</subfield></datafield><datafield tag="050" ind1="0" ind2="0"><subfield code="a">HF5001</subfield><subfield code="b">.B89</subfield></datafield><datafield tag="070" ind1="0" ind2=" "><subfield code="a">280.8</subfield><subfield code="b">Sy8</subfield></datafield><datafield tag="082" ind1="1" ind2="0"><subfield code="a">650</subfield><subfield code="2">11</subfield></datafield><datafield tag="210" ind1="0" ind2=" "><subfield code="a">Bus. week</subfield></datafield><datafield tag="222" ind1=" " ind2="0"><subfield code="a">Business week</subfield></datafield><datafield tag="245" ind1="0" ind2="0"><subfield code="a">Business week.</subfield></datafield><datafield tag="246" ind1="1" ind2="3"><subfield code="a">Businessweek</subfield></datafield><datafield tag="246" ind1="1" ind2=" "><subfield code="i">Issues for &lt;Dec. 21, 2009-&gt; have title:</subfield><subfield code="a">Bloomberg business week</subfield></datafield><datafield tag="246" ind1="1" ind2="3"><subfield code="a">Bloomberg businessweek</subfield></datafield><datafield tag="260" ind1=" " ind2=" "><subfield code="a">[New York, etc.] :</subfield><subfield code="b">[Bloomberg L.P., etc.]</subfield></datafield><datafield tag="300" ind1=" " ind2=" "><subfield code="a">volumes :</subfield><subfield code="b">illustrations ;</subfield><subfield code="c">31 cm</subfield></datafield><datafield tag="310" ind1=" " ind2=" "><subfield code="a">Weekly (except one week in Mar., June, Aug., and Dec.),</subfield><subfield code="b">&lt;July 14, 2014-&gt;</subfield></datafield><datafield tag="321" ind1=" " ind2=" "><subfield code="a">Weekly (except one issue in Jan. and one issue in Aug.),</subfield><subfield code="b">Sept. 1929-</subfield></datafield><datafield tag="321" ind1=" " ind2=" "><subfield code="a">Weekly (except for one issue in Jan., Feb., Mar., July and Aug.),</subfield><subfield code="b">&lt;Dec. 2009-&gt;</subfield></datafield><datafield tag="336" ind1=" " ind2=" "><subfield code="a">text</subfield><subfield code="b">txt</subfield><subfield code="2">rdacontent</subfield></datafield><datafield tag="337" ind1=" " ind2=" "><subfield code="a">unmediated</subfield><subfield code="b">n</subfield><subfield code="2">rdamedia</subfield></datafield><datafield tag="338" ind1=" " ind2=" "><subfield code="a">volume</subfield><subfield code="b">nc</subfield><subfield code="2">rdacarrier</subfield></datafield><datafield tag="362" ind1="0" ind2=" "><subfield code="a">no. 1- Sept. 7, 1929-</subfield></datafield><datafield tag="500" ind1=" " ind2=" "><subfield code="a">"The journal of business news and interpretation."</subfield></datafield><datafield tag="500" ind1=" " ind2=" "><subfield code="a">Published in Greenwich, Conn., Sept. 1929-Jan. 1930.</subfield></datafield><datafield tag="500" ind1=" " ind2=" "><subfield code="a">Special issue published summer 1999: 100 years of innovation.</subfield></datafield><datafield tag="510" ind1="2" ind2=" "><subfield code="a">Chemical abstracts</subfield><subfield code="x">0009-2258</subfield></datafield><datafield tag="555" ind1=" " ind2=" "><subfield code="a">1938-39. 1 v.; 1941-43. 1 v.; 1946-47. 1 v.; 1949-53. 1 v.; 1954-55. 1 v.; 1956-58. 1 v.; 1959-61. 1 v.; 1965-67. 1 v.</subfield></datafield><datafield tag="650" ind1=" " ind2="0"><subfield code="a">Business</subfield><subfield code="v">Periodicals.</subfield><subfield code="2">LCSH</subfield><subfield code="0">41-LIBRARY_OF_CONGRESS-sh 85018269</subfield><subfield code="9">Y</subfield></datafield><datafield tag="650" ind1=" " ind2="6"><subfield code="a">Affaires</subfield><subfield code="v">Périodiques.</subfield><subfield code="2">RVM</subfield></datafield><datafield tag="650" ind1=" " ind2="7"><subfield code="a">Business.</subfield><subfield code="0">(OCoLC)fst00842262</subfield><subfield code="2">UNBIST</subfield><subfield code="2">FAST</subfield><subfield code="0">41-OCLC-fst00842262</subfield><subfield code="9">Y</subfield></datafield><datafield tag="650" ind1="1" ind2="7"><subfield code="a">Bedrijfskunde.</subfield><subfield code="2">GTT</subfield></datafield><datafield tag="650" ind1="1" ind2="7"><subfield code="a">Weekbladen.</subfield><subfield code="2">GTT</subfield></datafield><datafield tag="650" ind1="1" ind2="7"><subfield code="a">CURRENT EVENTS.</subfield><subfield code="2">UNBIST</subfield></datafield><datafield tag="650" ind1="1" ind2="7"><subfield code="a">BUSINESS.</subfield><subfield code="2">unbist</subfield></datafield><datafield tag="650" ind1="1" ind2="7"><subfield code="a">ECONOMIC CONDITIONS.</subfield><subfield code="2">UNBIST</subfield></datafield><datafield tag="650" ind1="1" ind2="7"><subfield code="a">INDUSTRY.</subfield><subfield code="2">UNBIST</subfield></datafield><datafield tag="655" ind1=" " ind2="7"><subfield code="a">Periodicals.</subfield><subfield code="0">(OCoLC)fst01411641</subfield><subfield code="2">LCGFT</subfield><subfield code="0">41-LCGFT-gf2014026139</subfield><subfield code="9">Y</subfield><subfield code="2">FAST</subfield><subfield code="0">41-OCLC-fst01411641</subfield><subfield code="9">Y</subfield></datafield><datafield tag="655" ind1=" " ind2="7"><subfield code="a">Periodicals.</subfield><subfield code="2">lcgft</subfield></datafield><datafield tag="770" ind1="0" ind2=" "><subfield code="t">Business week. SmallBiz</subfield><subfield code="w">(DLC)  2005264032</subfield><subfield code="w">(OCoLC)62510605</subfield></datafield><datafield tag="775" ind1="0" ind2=" "><subfield code="t">Business week (Industrial ed.)</subfield><subfield code="x">0739-8395</subfield><subfield code="w">(DLC)sc 84005053</subfield><subfield code="w">(OCoLC)9431646</subfield></datafield><datafield tag="775" ind1="0" ind2=" "><subfield code="t">International business week</subfield><subfield code="x">0739-8409</subfield><subfield code="w">(DLC)sn 83002866</subfield><subfield code="w">(OCoLC)10014345</subfield></datafield><datafield tag="776" ind1="0" ind2="8"><subfield code="i">Online version:</subfield><subfield code="t">Business week</subfield><subfield code="w">(OCoLC)559912867</subfield></datafield><datafield tag="780" ind1="0" ind2="2"><subfield code="t">Magazine of business</subfield><subfield code="w">(DLC)sn 87029520</subfield><subfield code="w">(OCoLC)8197545</subfield></datafield><datafield tag="780" ind1="0" ind2="5"><subfield code="t">Annalist</subfield><subfield code="g">Oct. 1940</subfield><subfield code="w">(DLC)   16007142</subfield><subfield code="w">(OCoLC)6247317</subfield></datafield><datafield tag="787" ind1="0" ind2=" "><subfield code="t">Bloomberg businessweek.</subfield><subfield code="d">[New York] : Bloomberg L.P</subfield><subfield code="x">2162-657X</subfield><subfield code="w">(DLC)  2011201713</subfield><subfield code="w">(OCoLC)42637019</subfield></datafield><datafield tag="787" ind1="0" ind2="8"><subfield code="i">Current news and selected articles online:</subfield><subfield code="t">Bloomberg businessweek</subfield><subfield code="x">2162-657X</subfield><subfield code="w">(DLC)  2011201713</subfield><subfield code="w">(OCoLC)42637019</subfield></datafield><datafield tag="850" ind1=" " ind2=" "><subfield code="a">CaOOEDC</subfield><subfield code="a">DLC</subfield><subfield code="a">DNAL</subfield><subfield code="a">MH-KG</subfield><subfield code="a">MH-L</subfield><subfield code="a">MoSU</subfield><subfield code="a">PU-W</subfield><subfield code="a">TxArU</subfield></datafield><datafield tag="856" ind1="4" ind2="1"><subfield code="3">Current news</subfield><subfield code="u">http://bibpurl.oclc.org/web/740</subfield><subfield code="u">http://www.businessweek.com/</subfield></datafield><datafield tag="856" ind1="4" ind2="1"><subfield code="u">http://catalog.hathitrust.org/api/volumes/oclc/1537921.html</subfield></datafield><datafield tag="891" ind1="2" ind2="0"><subfield code="8">1</subfield><subfield code="a">no.</subfield><subfield code="i">(year)</subfield><subfield code="j">(month)</subfield><subfield code="k">(day)</subfield><subfield code="w">w</subfield></datafield><datafield tag="891" ind1="4" ind2="1"><subfield code="8">1.1</subfield><subfield code="a">&lt;3840&gt;</subfield><subfield code="i">&lt;2003&gt;</subfield><subfield code="j">&lt;07&gt;</subfield></datafield><datafield tag="997" ind1=" " ind2=" "><subfield code="a">MARCIVE</subfield></datafield><datafield tag="655" ind1=" " ind2="7"><subfield code="a">Journals (Publications)</subfield><subfield code="2">LCGFT</subfield><subfield code="0">41-LCGFT-gf2014026139</subfield><subfield code="9">N</subfield></datafield><datafield tag="655" ind1=" " ind2="7"><subfield code="a">Magazines</subfield><subfield code="2">LCGFT</subfield><subfield code="0">41-LCGFT-gf2014026139</subfield><subfield code="9">N</subfield></datafield><datafield tag="655" ind1=" " ind2="7"><subfield code="a">Periodical publications</subfield><subfield code="2">LCGFT</subfield><subfield code="0">41-LCGFT-gf2014026139</subfield><subfield code="9">N</subfield></datafield><datafield tag="655" ind1=" " ind2="7"><subfield code="w">g</subfield><subfield code="a">Serial publications</subfield><subfield code="2">LCGFT</subfield><subfield code="0">41-LCGFT-gf2014026139</subfield><subfield code="9">R</subfield></datafield><datafield tag="650" ind1=" " ind2="7"><subfield code="a">Trade</subfield><subfield code="2">FAST</subfield><subfield code="0">41-OCLC-fst00842262</subfield><subfield code="9">N</subfield></datafield><datafield tag="650" ind1=" " ind2="7"><subfield code="a">Economics</subfield><subfield code="0">(OCoLC)fst00902116</subfield><subfield code="2">FAST</subfield><subfield code="0">41-OCLC-fst00842262</subfield><subfield code="9">R</subfield></datafield><datafield tag="650" ind1=" " ind2="7"><subfield code="a">Management</subfield><subfield code="0">(OCoLC)fst01007141</subfield><subfield code="2">FAST</subfield><subfield code="0">41-OCLC-fst00842262</subfield><subfield code="9">R</subfield></datafield><datafield tag="650" ind1=" " ind2="7"><subfield code="a">Commerce</subfield><subfield code="0">(OCoLC)fst00869279</subfield><subfield code="2">FAST</subfield><subfield code="0">41-OCLC-fst00842262</subfield><subfield code="9">R</subfield></datafield><datafield tag="650" ind1=" " ind2="7"><subfield code="a">Industrial management</subfield><subfield code="0">(OCoLC)fst00971246</subfield><subfield code="2">FAST</subfield><subfield code="0">41-OCLC-fst00842262</subfield><subfield code="9">R</subfield></datafield><datafield tag="655" ind1=" " ind2="7"><subfield code="a">Journals (Publications)</subfield><subfield code="2">FAST</subfield><subfield code="0">41-OCLC-fst01411641</subfield><subfield code="9">N</subfield></datafield><datafield tag="655" ind1=" " ind2="7"><subfield code="a">Magazines</subfield><subfield code="2">FAST</subfield><subfield code="0">41-OCLC-fst01411641</subfield><subfield code="9">N</subfield></datafield><datafield tag="655" ind1=" " ind2="7"><subfield code="a">Periodical publications</subfield><subfield code="2">FAST</subfield><subfield code="0">41-OCLC-fst01411641</subfield><subfield code="9">N</subfield></datafield><datafield tag="INST" ind1=" " ind2=" "><subfield code="a">01UWI_NETWORK</subfield><subfield code="b">P</subfield><subfield code="c">71382118160002121</subfield></datafield><datafield tag="INST" ind1=" " ind2=" "><subfield code="a">01UWI_LC</subfield><subfield code="b">P</subfield><subfield code="c">21104739940002125</subfield></datafield><datafield tag="INST" ind1=" " ind2=" "><subfield code="a">01UWI_MAD</subfield><subfield code="b">P</subfield><subfield code="c">21470288700002122</subfield></datafield><datafield tag="INST" ind1=" " ind2=" "><subfield code="a">01UWI_ML</subfield><subfield code="b">P</subfield><subfield code="c">21161669370002124</subfield></datafield><datafield tag="INST" ind1=" " ind2=" "><subfield code="a">01UWI_RF</subfield><subfield code="b">P</subfield><subfield code="c">2160788620002129</subfield></datafield><datafield tag="INST" ind1=" " ind2=" "><subfield code="a">01UWI_EC</subfield><subfield code="b">P</subfield><subfield code="c">2188838400002134</subfield></datafield><datafield tag="INST" ind1=" " ind2=" "><subfield code="a">01UWI_GB</subfield><subfield code="b">P</subfield><subfield code="c">2146564980002123</subfield></datafield><datafield tag="INST" ind1=" " ind2=" "><subfield code="a">01UWI_PL</subfield><subfield code="b">P</subfield><subfield code="c">2123697070002127</subfield></datafield><datafield tag="INST" ind1=" " ind2=" "><subfield code="a">01UWI_ST</subfield><subfield code="b">P</subfield><subfield code="c">2129536130002131</subfield></datafield><datafield tag="INST" ind1=" " ind2=" "><subfield code="a">01UWI_2YR</subfield><subfield code="b">P</subfield><subfield code="c">2130886070002135</subfield></datafield><datafield tag="AVA" ind1=" " ind2=" "><subfield code="0">992181123402125</subfield><subfield code="8">22104739200002125</subfield><subfield code="a">01UWI_LC</subfield><subfield code="b">LAXMUR</subfield><subfield code="c">Periodicals Microfilm</subfield><subfield code="e">available</subfield><subfield code="f">184</subfield><subfield code="g">0</subfield><subfield code="j">permflm</subfield><subfield code="p">1</subfield><subfield code="q">UW La Crosse Murphy Library</subfield><subfield code="t">no.1(1929)-no.4260(2012)</subfield></datafield><datafield tag="AVA" ind1=" " ind2=" "><subfield code="0">991518553602122</subfield><subfield code="8">22470311110002122</subfield><subfield code="a">01UWI_MAD</subfield><subfield code="b">LAW</subfield><subfield code="c">Browsing Collection, HH&amp;R Reading Room, 5th Floor</subfield><subfield code="d">Shelved by title</subfield><subfield code="e">available</subfield><subfield code="f">34</subfield><subfield code="g">0</subfield><subfield code="j">browse</subfield><subfield code="k">5</subfield><subfield code="p">1</subfield><subfield code="q">Law Library</subfield></datafield><datafield tag="AVA" ind1=" " ind2=" "><subfield code="0">991518553602122</subfield><subfield code="8">22470311890002122</subfield><subfield code="a">01UWI_MAD</subfield><subfield code="b">MEMORIAL</subfield><subfield code="c">Periodicals Room, Rm. 240</subfield><subfield code="d">Current 6 months retained</subfield><subfield code="e">available</subfield><subfield code="f">29</subfield><subfield code="g">0</subfield><subfield code="j">per</subfield><subfield code="k">8</subfield><subfield code="p">2</subfield><subfield code="q">Memorial Library</subfield></datafield><datafield tag="AVA" ind1=" " ind2=" "><subfield code="0">991518553602122</subfield><subfield code="8">22470288690002122</subfield><subfield code="a">01UWI_MAD</subfield><subfield code="b">BUSINESS</subfield><subfield code="c">Journals</subfield><subfield code="e">available</subfield><subfield code="f">28</subfield><subfield code="g">0</subfield><subfield code="j">jrl</subfield><subfield code="k">5</subfield><subfield code="p">3</subfield><subfield code="q">Business Library</subfield><subfield code="t">1929-1976</subfield><subfield code="t">no.2465(1977)-no.4409(2014)</subfield><subfield code="t">no.4425(2015:May)-no.4505(2015:Aug.-2016:Dec.26)</subfield><subfield code="t">no.4506(2017:Jan.)-no.4519(2017:Apr.)</subfield></datafield><datafield tag="AVA" ind1=" " ind2=" "><subfield code="0">991518553602122</subfield><subfield code="8">22832165610002122</subfield><subfield code="a">01UWI_MAD</subfield><subfield code="b">MEMORIAL</subfield><subfield code="c">Memorial Microforms, Room 443 (No Loan)</subfield><subfield code="d">Micro Fiche 2398</subfield><subfield code="e">available</subfield><subfield code="f">8</subfield><subfield code="g">0</subfield><subfield code="j">mmcmic</subfield><subfield code="k">8</subfield><subfield code="p">4</subfield><subfield code="q">Memorial Library</subfield><subfield code="t">1960-2014</subfield><subfield code="t">2015:Jan.:12-2016:Jan.:10</subfield></datafield><datafield tag="AVA" ind1=" " ind2=" "><subfield code="a">01UWI_MAD</subfield><subfield code="b">TEMP</subfield><subfield code="c">Relocation</subfield><subfield code="e">check_holdings</subfield><subfield code="j">RELOCATE</subfield><subfield code="p">5</subfield><subfield code="q">Temporary Relocation Library</subfield></datafield><datafield tag="AVA" ind1=" " ind2=" "><subfield code="0">991518553602122</subfield><subfield code="8">22470312290002122</subfield><subfield code="a">01UWI_MAD</subfield><subfield code="b">COLLEGE</subfield><subfield code="c">Open Book Magazines, 1st Floor, Rm. 1250</subfield><subfield code="d">Shelved by title</subfield><subfield code="e">check_holdings</subfield><subfield code="j">jrl</subfield><subfield code="k">8</subfield><subfield code="p">6</subfield><subfield code="q">College Library</subfield></datafield><datafield tag="AVA" ind1=" " ind2=" "><subfield code="0">99536743402124</subfield><subfield code="8">22161669360002124</subfield><subfield code="a">01UWI_ML</subfield><subfield code="b">MIL</subfield><subfield code="c">Stacks</subfield><subfield code="d">HF5001 .B89</subfield><subfield code="e">available</subfield><subfield code="f">29</subfield><subfield code="g">0</subfield><subfield code="j">stk</subfield><subfield code="k">0</subfield><subfield code="p">1</subfield><subfield code="q">UW Milwaukee</subfield><subfield code="t"/></datafield><datafield tag="AVA" ind1=" " ind2=" "><subfield code="0">99536743402124</subfield><subfield code="8">22161668990002124</subfield><subfield code="a">01UWI_ML</subfield><subfield code="b">MIL</subfield><subfield code="c">Microtext Collection - Microfilm</subfield><subfield code="d">HF02</subfield><subfield code="e">check_holdings</subfield><subfield code="j">microfilm</subfield><subfield code="k">8</subfield><subfield code="p">2</subfield><subfield code="q">UW Milwaukee</subfield><subfield code="t">no.1 (1929)-no.4161 (2009:Dec.28/2010:Jan.4)</subfield></datafield><datafield tag="AVA" ind1=" " ind2=" "><subfield code="0">991767183602129</subfield><subfield code="8">2260788610002129</subfield><subfield code="a">01UWI_RF</subfield><subfield code="b">RF</subfield><subfield code="c">Journal Collection</subfield><subfield code="d">Shelved by Title</subfield><subfield code="e">available</subfield><subfield code="f">36</subfield><subfield code="g">0</subfield><subfield code="j">per</subfield><subfield code="k">8</subfield><subfield code="p">1</subfield><subfield code="q">Chalmer Davee Library</subfield><subfield code="t">no.3915(2005)-no.4444(2015)</subfield></datafield><datafield tag="AVA" ind1=" " ind2=" "><subfield code="0">993089493402134</subfield><subfield code="8">2288838390002134</subfield><subfield code="a">01UWI_EC</subfield><subfield code="b">UWEC</subfield><subfield code="c">Journals Bound (2nd floor)</subfield><subfield code="e">available</subfield><subfield code="f">121</subfield><subfield code="g">0</subfield><subfield code="j">jrnl bound</subfield><subfield code="k">5</subfield><subfield code="p">1</subfield><subfield code="q">UW-Eau Claire McIntyre Library</subfield><subfield code="t">no.435 (1938) - no.2000 (1967)</subfield></datafield><datafield tag="AVA" ind1=" " ind2=" "><subfield code="0">99735923402123</subfield><subfield code="8">2246564930002123</subfield><subfield code="a">01UWI_GB</subfield><subfield code="b">GB</subfield><subfield code="c">Periodicals (4th floor, left and center)</subfield><subfield code="e">available</subfield><subfield code="f">144</subfield><subfield code="g">0</subfield><subfield code="j">per</subfield><subfield code="k">5</subfield><subfield code="p">1</subfield><subfield code="q">UW Green Bay</subfield><subfield code="t">Current 2 years</subfield></datafield><datafield tag="AVA" ind1=" " ind2=" "><subfield code="0">99735923402123</subfield><subfield code="8">2246564970002123</subfield><subfield code="a">01UWI_GB</subfield><subfield code="b">GB</subfield><subfield code="c">Periodicals - Microfilm (Ask at Circulation Desk)</subfield><subfield code="e">available</subfield><subfield code="f">1</subfield><subfield code="g">0</subfield><subfield code="j">perfilm</subfield><subfield code="p">2</subfield><subfield code="q">UW Green Bay</subfield><subfield code="t">no. 1 (1929)-no. 3914 (Jan. 3, 2005)</subfield></datafield><datafield tag="AVA" ind1=" " ind2=" "><subfield code="0">99488273502127</subfield><subfield code="8">2223697060002127</subfield><subfield code="a">01UWI_PL</subfield><subfield code="b">PARK</subfield><subfield code="c">Journals &amp; Magazines (Back Issues)</subfield><subfield code="d">HF5001 .B89</subfield><subfield code="e">available</subfield><subfield code="f">378</subfield><subfield code="g">0</subfield><subfield code="j">backiss</subfield><subfield code="k">0</subfield><subfield code="p">1</subfield><subfield code="q">UW-Parkside Library</subfield><subfield code="t">no.1896-2304,2307,2309,2329-2396,2416-4402  (1978-2014)</subfield><subfield code="t">no.1-1948,2053-2104,2312-3219 on microfilm</subfield></datafield><datafield tag="AVA" ind1=" " ind2=" "><subfield code="0">991633313402131</subfield><subfield code="8">2287137180002131</subfield><subfield code="a">01UWI_ST</subfield><subfield code="b">STOUT</subfield><subfield code="c">Periodicals Print (Noncirculating) 2nd floor</subfield><subfield code="d">BUSINESS WEEK</subfield><subfield code="e">available</subfield><subfield code="f">133</subfield><subfield code="g">0</subfield><subfield code="j">PER</subfield><subfield code="k">5</subfield><subfield code="p">1</subfield><subfield code="q">UW Stout Library</subfield><subfield code="t">no.4065-(2007:Dec./2008:Jan.-)</subfield></datafield><datafield tag="AVA" ind1=" " ind2=" "><subfield code="0">992185853402135</subfield><subfield code="8">2261546630002135</subfield><subfield code="a">01UWI_2YR</subfield><subfield code="b">COLBRB</subfield><subfield code="c">Baraboo Journals</subfield><subfield code="d">BY TITLE</subfield><subfield code="e">check_holdings</subfield><subfield code="j">brbper</subfield><subfield code="k">8</subfield><subfield code="p">1</subfield><subfield code="q">UW Colleges Baraboo/Sauk County Library</subfield><subfield code="t">Current + 2 years</subfield></datafield><datafield tag="AVA" ind1=" " ind2=" "><subfield code="0">992185853402135</subfield><subfield code="8">2260506930002135</subfield><subfield code="a">01UWI_2YR</subfield><subfield code="b">COLSHB</subfield><subfield code="c">Sheboygan Periodicals</subfield><subfield code="d">shelved alphabetically by title</subfield><subfield code="e">check_holdings</subfield><subfield code="j">shbper</subfield><subfield code="k">8</subfield><subfield code="p">2</subfield><subfield code="q">UW Colleges Sheboygan Library</subfield><subfield code="t">no.1792 (1964:Jan.4)-no.1948 (1966:Dec.); no.2261, (1973:Jan.6)-no.4495 (2016:Oct.17-23)</subfield></datafield><datafield tag="AVA" ind1=" " ind2=" "><subfield code="0">992185853402135</subfield><subfield code="8">2230893660002135</subfield><subfield code="a">01UWI_2YR</subfield><subfield code="b">COLWAK</subfield><subfield code="c">Waukesha Unbound Periodicals</subfield><subfield code="d">SHELVED BY TITLE</subfield><subfield code="e">check_holdings</subfield><subfield code="j">wakperun</subfield><subfield code="k">8</subfield><subfield code="p">3</subfield><subfield code="q">UW Colleges Waukesha Library</subfield><subfield code="t">2016-2017:Sept.</subfield></datafield><datafield tag="PLK" ind1=" " ind2=" "><subfield code="a">Other Edition, Replaces.</subfield><subfield code="b">999565274902121</subfield></datafield><datafield tag="PLK" ind1=" " ind2=" "><subfield code="a">Supplement.</subfield><subfield code="b">999715185502121</subfield></datafield><datafield tag="PLK" ind1=" " ind2=" "><subfield code="a">Succeeds.</subfield><subfield code="b">999602513002121</subfield></datafield><datafield tag="PLK" ind1=" " ind2=" "><subfield code="a">Links To, Other Edition.</subfield><subfield code="b">9910647678302121</subfield></datafield><datafield tag="MMS" ind1=" " ind2=" "><subfield code="b">999482245102121</subfield><subfield code="a">01UWI_NETWORK</subfield></datafield><datafield tag="MMS" ind1=" " ind2=" "><subfield code="b">992181123402125</subfield><subfield code="a">01UWI_LC</subfield></datafield><datafield tag="MMS" ind1=" " ind2=" "><subfield code="b">991518553602122</subfield><subfield code="a">01UWI_MAD</subfield></datafield><datafield tag="MMS" ind1=" " ind2=" "><subfield code="b">99536743402124</subfield><subfield code="a">01UWI_ML</subfield></datafield><datafield tag="MMS" ind1=" " ind2=" "><subfield code="b">991767183602129</subfield><subfield code="a">01UWI_RF</subfield></datafield><datafield tag="MMS" ind1=" " ind2=" "><subfield code="b">993089493402134</subfield><subfield code="a">01UWI_EC</subfield></datafield><datafield tag="MMS" ind1=" " ind2=" "><subfield code="b">99735923402123</subfield><subfield code="a">01UWI_GB</subfield></datafield><datafield tag="MMS" ind1=" " ind2=" "><subfield code="b">99488273502127</subfield><subfield code="a">01UWI_PL</subfield></datafield><datafield tag="MMS" ind1=" " ind2=" "><subfield code="b">991633313402131</subfield><subfield code="a">01UWI_ST</subfield></datafield><datafield tag="MMS" ind1=" " ind2=" "><subfield code="b">992185853402135</subfield><subfield code="a">01UWI_2YR</subfield></datafield><datafield tag="990" ind1="0" ind2="5"><subfield code="t">Annalist</subfield><subfield code="g">Oct. 1940</subfield><subfield code="w">(OCoLC)6247317</subfield><subfield code="5">GZS/780</subfield><subfield code="9">LOCAL</subfield><subfield code="A">01UWI_ST</subfield></datafield><datafield tag="990" ind1="0" ind2="2"><subfield code="t">Magazine of business</subfield><subfield code="w">(OCoLC)8197545</subfield><subfield code="5">GZS/780</subfield><subfield code="9">LOCAL</subfield><subfield code="A">01UWI_ST</subfield></datafield><datafield tag="AAA" ind1=" " ind2=" "><subfield code="z">Includes supplements.</subfield><subfield code="z">Includes articles from Industrial/Technology edition.</subfield><subfield code="8">22104739200002125</subfield><subfield code="A">01UWI_LC</subfield></datafield><datafield tag="BBB" ind1=" " ind2=" "><subfield code="x">mf arrives 2x year (NOT a spliced title)</subfield><subfield code="8">22104739200002125</subfield><subfield code="A">01UWI_LC</subfield></datafield><datafield tag="AAA" ind1="5" ind2="0"><subfield code="z">Current 6 months only.</subfield><subfield code="8">22470311110002122</subfield><subfield code="A">01UWI_MAD</subfield></datafield><datafield tag="BBB" ind1="5" ind2="0"><subfield code="x">Look for no. desig. on "Reader's Report" page.;</subfield><subfield code="x">Give current issue to Katie for Reserve</subfield><subfield code="x">Have her give previous issue to MM for route</subfield><subfield code="x">issue no. found next to editorial staff; ACQ CHECKIN</subfield><subfield code="x">WEEKLY-no,yr,mo,dom</subfield><subfield code="8">22470311110002122</subfield><subfield code="A">01UWI_MAD</subfield></datafield><datafield tag="AAA" ind1="8" ind2="1"><subfield code="z">Current issues in Periodicals Room.</subfield><subfield code="8">22470311890002122</subfield><subfield code="A">01UWI_MAD</subfield></datafield><datafield tag="BBB" ind1="8" ind2="1"><subfield code="x">CHECK-IN</subfield><subfield code="x">cipr;mk:yr/mo;cmh</subfield><subfield code="x">Must cl w/in 6 mos or iss are op per pub;</subfield><subfield code="x">***161677000,BI***==4930==F-</subfield><subfield code="x">Special bonus iss are #'ed towards the back of the iss</subfield><subfield code="x">no.3630a is a summer 1999 COLLECTORS ED.</subfield><subfield code="x">v.1929-1976 transfer to BUSN;1977-2010 wd 2/25/12</subfield><subfield code="x">WEEKLY-no,yr,mo,dom</subfield><subfield code="8">22470311890002122</subfield><subfield code="A">01UWI_MAD</subfield></datafield><datafield tag="BBB" ind1="5" ind2="1"><subfield code="x">CHECK-IN</subfield><subfield code="x">mk:mo/yr;bd:4mo;Black #6675;cmh</subfield><subfield code="x">MUST CLAIM w/in 6 months or issues are o.p. per pub 11/92;ph 800-635-1200</subfield><subfield code="x">***161677000,AN***==4930==F-414373</subfield><subfield code="x">***SEND TABLE OF CONTENTS TO------T. WARFIELD:4133C***</subfield><subfield code="x">no.3593 is double iss. for 3592-3593 per pub.</subfield><subfield code="x">no.3630a is Summer 1999 spec. iss. for May</subfield><subfield code="x">no.3644 is double iss. for 3643-44 per pub.</subfield><subfield code="x">3661 is a double iss. for 3661-62</subfield><subfield code="x">claimed July 23/07 gg</subfield><subfield code="x">claimed all missing issues for Dec.09,Jan-Feb.2010 gg</subfield><subfield code="x">years 1929-1979 transferred from MEM gg 04/10/12</subfield><subfield code="x">Oct-Dec. 1980 sent for rebind 07/27/2015 gg</subfield><subfield code="x">decided to shelve in stacks w/out repair</subfield><subfield code="x">sent May-Dec. 2017 to bindery 01/17/2018 gg</subfield><subfield code="8">22470288690002122</subfield><subfield code="A">01UWI_MAD</subfield></datafield><datafield tag="BBB" ind1="8" ind2="1"><subfield code="x">CHECK-IN</subfield><subfield code="x">mk:yr;cmh*</subfield><subfield code="x">publ says all fiche supplied is Industrial/Techn-</subfield><subfield code="x">ology edition per 4/11/89 ltr</subfield><subfield code="x">sep ord for pre 1975(5AAR7719)</subfield><subfield code="x">rcd repl fiche for #3492;mf;No need to notify PR when film is rcd;issues are not discarded but bound 9/21/99mxg</subfield><subfield code="8">22832165610002122</subfield><subfield code="A">01UWI_MAD</subfield></datafield><datafield tag="AAA" ind1="8" ind2="0"><subfield code="z">Current 2 issues only retained.</subfield><subfield code="8">22470312290002122</subfield><subfield code="A">01UWI_MAD</subfield></datafield><datafield tag="BBB" ind1="8" ind2="0"><subfield code="x">mk:yr/mo;cmh*</subfield><subfield code="x">MUST CLAIM w/in 6 months or issues are o.p. per pub 11/92</subfield><subfield code="x">***161677000,AO***==4930==F-034070;pub ph 800-635-1200</subfield><subfield code="x">last iss.of yr. is a dbl iss.per faxon rpt.</subfield><subfield code="x">Some dups used for binding.</subfield><subfield code="x">8/24-31/98  double dated but single issue #</subfield><subfield code="x">Dups rcd from Steenbock, about a month late.</subfield><subfield code="x">Retain 2 yrs.+ current year.</subfield><subfield code="x">lost: no. 3770 (2002 Feb. 18)</subfield><subfield code="x">Bound vols. sent to Memorial, issue numbers 2601, 2763-2771,3301 7/4/06.</subfield><subfield code="x">All bound volumes discarded and item records deleted (1970-2001) . Vols sent to C. Schlatter 6/07</subfield><subfield code="8">22470312290002122</subfield><subfield code="A">01UWI_MAD</subfield></datafield><datafield tag="AAA" ind1="0" ind2="1"><subfield code="z">Library keeps latest six months only.</subfield><subfield code="8">22161669360002124</subfield><subfield code="A">01UWI_ML</subfield></datafield><datafield tag="BBB" ind1="0" ind2="1"><subfield code="x">DO NOT CLAIM-available online.</subfield><subfield code="x">Keep as print for 2014, 2015, 2016 - need user id and password.</subfield><subfield code="8">22161669360002124</subfield><subfield code="A">01UWI_ML</subfield></datafield><datafield tag="BBB" ind1="8" ind2="1"><subfield code="x">Cancelled end of 2009.</subfield><subfield code="8">22161668990002124</subfield><subfield code="A">01UWI_ML</subfield></datafield><datafield tag="AAA" ind1="5" ind2="1"><subfield code="z">All shelved as Business Week.</subfield><subfield code="z">Current 2 months filed in newspaper area.</subfield><subfield code="8">2246564930002123</subfield><subfield code="A">01UWI_GB</subfield></datafield><datafield tag="BBB" ind1="5" ind2="1"><subfield code="x">Subs runs Nov 3 - Nov 2 (2015).  Pub enters all subs as new &amp; does not combine.  Missing issues at end of subs year common.</subfield><subfield code="8">2246564930002123</subfield><subfield code="A">01UWI_GB</subfield></datafield><datafield tag="BBB" ind1="5" ind2="1"><subfield code="x">Serials-Active</subfield><subfield code="8">2287137180002131</subfield><subfield code="A">01UWI_ST</subfield></datafield></record>